<record><leader>00000cas a22000007a 4500</leader><controlfield tag="001">13287858</controlfield><controlfield tag="008">860312d19271930wiucr ne      0    0eng d</controlfield><datafield ind1=" " ind2=" " tag="010"><subfield code="a">sn 86086367 </subfield></datafield><datafield ind1=" " ind2=" " tag="040"><subfield code="a">NPV</subfield><subfield code="b">eng</subfield><subfield code="c">NPV</subfield><subfield code="d">OCLCQ</subfield></datafield><datafield ind1=" " ind2=" " tag="042"><subfield code="a">msc</subfield></datafield><datafield ind1="0" ind2="4" tag="245"><subfield code="a">The Review herald reporter.</subfield></datafield><datafield ind1="1" ind2="3" tag="246"><subfield code="a">Review reporter</subfield></datafield><datafield ind1=" " ind2=" " tag="260"><subfield code="a">Plymouth, Wis. :</subfield><subfield code="b">H.W. Quirt,</subfield><subfield code="c">1927-1930.</subfield></datafield><datafield ind1=" " ind2=" " tag="300"><subfield code="a">3 v. :</subfield><subfield code="b">ill.</subfield></datafield><datafield ind1=" " ind2=" " tag="310"><subfield code="a">Semiweekly</subfield></datafield><datafield ind1="0" ind2=" " tag="362"><subfield code="a">Vol. 62, no. 5 (Jan. 13, 1927)-v. 64, no. 104 (Dec. 29, 1930).</subfield></datafield><datafield ind1=" " ind2=" " tag="500"><subfield code="a">Title varies: Review reporter, Jan. 31-Feb. 14, 1927.</subfield></datafield><datafield ind1=" " ind2=" " tag="500"><subfield code="a">Publisher varies.</subfield></datafield><datafield ind1=" " ind2=" " tag="580"><subfield code="a">Formed by the merger of: Sheboygan herald, Plymouth reporter, and Plymouth review.</subfield></datafield><datafield ind1=" " ind2=" " tag="752"><subfield code="a">United States</subfield><subfield code="b">Wisconsin</subfield><subfield code="c">Sheboygan</subfield><subfield code="d">Plymouth.</subfield></datafield><datafield ind1="1" ind2="4" tag="780"><subfield code="t">Sheboygan herald</subfield><subfield code="w">(DLC)sn 85040853</subfield></datafield><datafield ind1="1" ind2="4" tag="780"><subfield code="t">Plymouth reporter</subfield><subfield code="w">(DLC)sn 86086009</subfield></datafield><datafield ind1="1" ind2="4" tag="780"><subfield code="t">Plymouth review (Plymouth, Wis. : 1915)</subfield><subfield code="w">(DLC)sn 86086366</subfield></datafield><datafield ind1="0" ind2="0" tag="785"><subfield code="t">Plymouth review (Plymouth, Wis. : 1931)</subfield><subfield code="w">(DLC)sn 86086368</subfield></datafield></record>